@misc{rfc6298,
	series =	{Request for Comments},
	number =	6298,
	howpublished =	{RFC 6298},
	publisher =	{RFC Editor},
	doi =		{10.17487/RFC6298},
	url =		{https://www.rfc-editor.org/info/rfc6298},
        author =	{Matt Sargent and Jerry Chu and Dr. Vern Paxson and Mark Allman},
	title =		{{Computing TCP's Retransmission Timer}},
	pagetotal =	11,
	year =		2011,
	month =		jun,
	abstract =	{This document defines the standard algorithm that Transmission Control Protocol (TCP) senders are required to use to compute and manage their retransmission timer. It expands on the discussion in Section 4.2.3.1 of RFC 1122 and upgrades the requirement of supporting the algorithm from a SHOULD to a MUST. This document obsoletes RFC 2988. {[}STANDARDS-TRACK{]}},
}

@misc{rfc793,
	series =	{Request for Comments},
	number =	793,
	howpublished =	{RFC 793},
	publisher =	{RFC Editor},
	doi =		{10.17487/RFC0793},
	url =		{https://www.rfc-editor.org/info/rfc793},
        author =	{},
	title =		{{Transmission Control Protocol}},
	pagetotal =	91,
	year =		1981,
	month =		sep,
	abstract =	{},
}

@misc{rfc791,
	series =	{Request for Comments},
	number =	791,
	howpublished =	{RFC 791},
	publisher =	{RFC Editor},
	doi =		{10.17487/RFC0791},
	url =		{https://www.rfc-editor.org/info/rfc791},
        author =	{},
	title =		{{Internet Protocol}},
	pagetotal =	51,
	year =		1981,
	month =		sep,
	abstract =	{},
}

@misc{rfc1071,
	series =	{Request for Comments},
	number =	1071,
	howpublished =	{RFC 1071},
	publisher =	{RFC Editor},
	doi =		{10.17487/RFC1071},
	url =		{https://www.rfc-editor.org/info/rfc1071},
        author =	{},
	title =		{{Computing the Internet checksum}},
	pagetotal =	24,
	year =		1988,
	month =		sep,
	abstract =	{This RFC summarizes techniques and algorithms for efficiently computing the Internet checksum. It is not a standard, but a set of useful implementation techniques.},
}

@misc{ipv4_checksum,
    author={Saleem Bhatti},
    title={{Simple IPv4 Checksum Calculation Example}},
    url={https://studres.cs.st-andrews.ac.uk/CS3102/Lectures/wk04/code/ipv4_checksum.c},
    year=2022,
    month=jan
}

@misc{slides,
    author={Peter McBrien},
    title={Automatic Repeat Request},
    school={Imperial College London},
    url={https://www.doc.ic.ac.uk/~pjm/nac/lectures_2008/lecture_datalink.pdf},
    year=2008
}